@book{MacLane1998,
  author = {Mac Lane, Saunders},
  title = {Categories for the Working Mathematician},
  edition = {2},
  year = {1998},
  publisher = {Springer}
}

@book{EGNO2015,
  author = {Etingof, Pavel and Gelaki, Shlomo and Nikshych, Dmitri and Ostrik, Viktor},
  title = {Tensor Categories},
  year = {2015},
  publisher = {American Mathematical Society}
}

@article{JoyalStreet1993,
  author = {Joyal, Andr{\'e} and Street, Ross},
  title = {Braided Tensor Categories},
  journal = {Advances in Mathematics},
  volume = {102},
  number = {1},
  pages = {20--78},
  year = {1993}
}

@article{BarrettWestbury1999,
  author = {Barrett, John W. and Westbury, Bruce W.},
  title = {Spherical Categories},
  journal = {Advances in Mathematics},
  volume = {143},
  number = {2},
  pages = {357--375},
  year = {1999}
}

@article{DijkgraafWitten1990,
  author = {Dijkgraaf, Robbert and Witten, Edward},
  title = {Topological Gauge Theories and Group Cohomology},
  journal = {Communications in Mathematical Physics},
  volume = {129},
  pages = {393--429},
  year = {1990}
}
